01,ABCDEFGHIJKL,ABCDEFGHIJKL,050928,1138,1,78,78,2/
02,ABCDEFGHIJKL,011000138,1,050927,0000,USD,/
03,2000000009999,USD,015,3000,,,040,1500,,,045,6000,,,072,000,,,074,000,,,100/
88,9999,6,,400,9999,3,/
16,115,15323376,S,,,,,/
88,REGULAR DEPOSIT
16,998,2222,0,,000000002/
88,REGULAR DEPOSIT
16,998,1111,0,,000000001/
88,ACH CREDIT
16,998,1111,0,,000000001/
88,ACH CREDIT
16,998,1111,0,,000000001/
88,ACH CREDIT
16,999,3333,,,000000003/
88,ACH DEBIT
16,999,3333,,,000000003/
88,ACH DEBIT
16,999,3333,,,000000003/
88,ACH DEBIT
49,50496,21/
98,50496,1,23/
02,ABCDEFGHIJKL,031000053,1,050927,0000,USD,/
03,8499999999,USD,015,16534500,,,040,10824900,,,045,200000,,,072,10624900,,,074/
88,5709600,,,100,110162198,10,,110,15323376,1,,140,146694,2,,170,2150000,1,,190/
88,92542128,6,,400,120740498,7,,450,188370,1,,490,93696904,2,,690,26855224,4,/
49,736601988,63/
98,1,1,7/
99,81613649009,12,612/